
@incollection{ACHH:93,
	series = {{LNCS}},
	title = {Hybrid automata: {An} algorithmic approach to the specification and verification of hybrid systems},
	volume = {736},
	booktitle = {Hybrid {Systems}},
	publisher = {Springer},
	author = {Alur, R. and Courcoubetis, C. and Henzinger, T. A. and Ho, P. -H.},
	editor = {Grossman, R. L. and Nerode, A. and Ravn, A. P. and Rischel, H.},
	year = {1993},
	doi = {10.1007/3-540-57318-6_30},
	pages = {209--229},
}

@article{ACH+:95,
	series = {Hybrid {Systems}},
	title = {The algorithmic analysis of hybrid systems},
	volume = {138},
	issn = {0304-3975},
	doi = {10.1016/0304-3975(94)00202-T},
	number = {1},
	journal = {Theoretical Computer Science},
	author = {Alur, R. and Courcoubetis, C. and Halbwachs, N. and Henzinger, T. A. and Ho, P. -H. and Nicollin, X. and Olivero, A. and Sifakis, J. and Yovine, S.},
	year = {1995},
	pages = {3--34},
}


@inproceedings{ACD:90,
	title = {Model-checking for real-time systems},
	doi = {10.1109/LICS.1990.113766},
	booktitle = {Logic in {Computer} {Science}, 1990. {LICS} '90, {Proceedings}., {Fifth} {Annual} {IEEE} {Symposium} on e},
	author = {Alur, R. and Courcoubetis, C. and Dill, D.},
	year = {1990},
	pages = {414--425},
}

@article{AD:94,
	title = {A theory of timed automata},
	volume = {126},
	doi = {10.1016/0304-3975(94)90010-8},
	number = {2},
	journal = {Theoretical Computer Science},
	author = {Alur, R. and Dill, D. L.},
	year = {1994},
	pages = {183--235},
}

@article{AHH:96,
	title = {Automatic symbolic verification of embedded systems},
	volume = {22},
	issn = {0098-5589},
	doi = {10.1109/32.489079},
	number = {3},
	journal = {IEEE Transactions on Software Engineering},
	author = {Alur, R. and Henzinger, T. A. and Ho, P. -H.},
	month = mar,
	year = {1996},
	pages = {181--201},
}

@misc{baier2008principles,
  title={Principles of Model Checking},
  author={Baier, C. and Katoen, J.-P.},
  year={2008},
  publisher={MIT Press}
}

@article{BCL:11,
	title = {Timed {Modal} {Logics} for {Real}-{Time} {Systems}},
	volume = {20},
	doi = {10.1007/s10849-010-9127-4},
	number = {2},
	journal = {Journal of Logic, Language and Information},
	author = {Bouyer, P. and Cassez, F. and Laroussinie, F.},
	year = {2011},
	pages = {169--203},
}

@incollection{BLL+:96,
  series = {LNCS},
  title = {UPPAAL {\textemdash} a tool suite for automatic verification of real-time systems},
  copyright = {{\textcopyright}1996 Springer-Verlag},
  isbn = {978-3-540-61155-4, 978-3-540-68334-6},
  doi = {10.1007/BFb0020949},
  number = {1066},
  urldate = {2014-03-14},
  booktitle = {Hybrid Systems III},
  publisher = {Springer},
  author = {Bengtsson, J. and Larsen, K. G. and Larsson, F. and 
  Pettersson, P. and Yi, W.},
  editor = {Alur, R. and Henzinger, T. A. and Sontag, E. D.},
  month = jan,
  year = {1996},
  pages = {232--243}
}

@inproceedings{berthomieu1983enumerative,
  title={An enumerative approach for analyzing time Petri nets},
  author={Berthomieu, B. and Menasche, M.},
  booktitle={Proceedings IFIP},
  year={1983},
}

@article{BS:92,
	title = {Local model checking for infinite state spaces},
	volume = {96},
	issn = {0304-3975},
	doi = {10.1016/0304-3975(92)90183-G},
	number = {1},
	journal = {Theoretical Computer Science},
	author = {Bradfield, J. and Stirling, C.},
	editor = {De Nicola, R. and Montanari, U.},
	month = apr,
	year = {1992},
	pages = {157--174},
}

@book{clarke1999model,
  title={Model checking},
  author={Clarke, E. M. and Grumberg, O. and Peled, D.},
  year={1999},
  publisher={MIT press}
}

@article{Cleaveland90,
	title = {Tableau-based model checking in the propositional mu-calculus},
	volume = {27},
	doi = {10.1007/BF00264284},
	number = {8},
	journal = {Acta Informatica},
	author = {Cleaveland, R.},
	year = {1990},
	pages = {725--747},
}

@Inbook{Duggirala2015,
author="Duggirala, P. S.
and Mitra, S.
and Viswanathan, M.
and Potok, M.",
editor="Baier, C.
and Tinelli, C.",
title="C2E2: A Verification Tool for Stateflow Models",
bookTitle="Tools and Algorithms for the Construction and Analysis of Systems: 21st International Conference, TACAS 2015, Held as Part of the European Joint Conferences on Theory and Practice of Software, ETAPS 2015, London, UK, April 11-18, 2015, Proceedings",
year="2015",
publisher="Springer",
pages="68--82",
isbn="978-3-662-46681-0",
doi="10.1007/978-3-662-46681-0_5",
}

@article{emerson1990temporal,
  title={Temporal and modal logic},
  author={Emerson, E.A.},
  journal={Handbook of Theoretical Computer Science, Volume B: Formal Models and Sematics (B)},
  volume={995},
  number={1072},
  pages={5},
  year={1990}
}


@phdthesis{Fontana:14,
	type = {phdthesis},
	title = {Towards {A} {Unified} {Theory} of {Timed} {Automata}},
	url = {http://hdl.handle.net/1903/15232},
	author = {Fontana, Peter},
	year = {2014},
}

@incollection{FC:14,
	series = {Lecture {Notes} in {Computer} {Science}},
	title = {The {Power} of {Proofs}: {New} {Algorithms} for {Timed} {Automata} {Model} {Checking}},
	doi = {10.1007/978-3-319-10512-3_9},
	number = {8711},
	booktitle = {Formal {Modeling} and {Analysis} of {Timed} {Systems}},
	publisher = {Springer International Publishing},
	author = {Fontana, P. and Cleaveland, R.},
	editor = {Legay, A. and Bozga, M.},
	year = {2014},
	pages = {115--129},
}

@article{FC:14a,
  title={A menagerie of timed automata},
  author={P. Fontana and R. Cleaveland},
  journal={ACM Computing Surveys (CSUR)},
  volume={46},
  number={3},
  pages={40},
  year={2014},
  publisher={ACM}
}

@Inbook{Frehse2011,
author="Frehse, G.
and Le Guernic, C.
and Donz{\'e}, A.
and Cotton, S.
and Ray, R.
and Lebeltel, O.
and Ripado, R.
and Girard, A.
and Dang, T.
and Maler, O.",
editor="Gopalakrishnan, G.
and Qadeer, S.",
title="SpaceEx: Scalable Verification of Hybrid Systems",
bookTitle="Computer Aided Verification: 23rd International Conference, CAV 2011, Snowbird, UT, USA, July 14-20, 2011. Proceedings",
year="2011",
publisher="Springer",
pages="379--395",
isbn="978-3-642-22110-1",
doi="10.1007/978-3-642-22110-1_30",
}

@techreport{FC:14report,
	title = {The {Power} of {Proofs}: {New} {Algorithms} for {Timed} {Automata} {Model} {Checking} (with {Appendix})},
	doi = {10.1007/978-3-319-10512-3_9},
	booktitle = {arXiv:1408.6104 [cs]},
	author = {Fontana, P. and Cleaveland, R.},
	year = {2014},
	note = {arXiv: 1408.6104},
	pages = {115--129},
}


@incollection{Fre:05,
	series = {{LNCS}},
	title = {{PHAVer}: {Algorithmic} {Verification} of {Hybrid} {Systems} {Past} {HyTech}},
	doi = {10.1007/978-3-540-31954-2_17},
	volume = {3414},
	booktitle = {Hybrid {Systems}: {Computation} and {Control}},
	publisher = {Springer},
	author = {Frehse, G.},
	editor = {Morari, M. and Thiele, L.},
	month = mar,
	year = {2005},
	pages = {258--273},
}

@incollection{Hen:00,
	series = {{NATO} {ASI} {Series}},
	title = {The {Theory} of {Hybrid} {Automata}},
	isbn = {978-3-642-64052-0 978-3-642-59615-5},
	number = {170},
	booktitle = {Verification of {Digital} and {Hybrid} {Systems}},
	publisher = {Springer},
	author = {Henzinger, T. A.},
	editor = {Inan, M. K. and Kurshan, R. P.},
	year = {2000},
	doi = {10.1007/978-3-642-59615-5_13},
	pages = {265--292},
}

@article{HHW:97,
	title = {{HYTECH}: a model checker for hybrid systems},
	volume = {1},
	issn = {1433-2779},
	doi = {10.1007/s100090050008},
	number = {1-2},
	journal = {International Journal on Software Tools for Technology Transfer},
	author = {Henzinger, T. A. and Ho, P. -H. and Wong-Toi, H.},
	year = {1997},
	pages = {110--122},
}


@article{HKPV:98,
	title = {What's {Decidable} about {Hybrid} {Automata}?},
	volume = {57},
	doi = {10.1006/jcss.1998.1581},
	number = {1},
	journal = {Journal of Computer and System Sciences},
	author = {Henzinger, T. A. and Kopke, P. W. and Puri, A. and Varaiya, P.},
	year = {1998},
	pages = {94--124},
}

@article{MATEESCU2003,
title = "Efficient on-the-fly model-checking for regular alternation-free mu-calculus",
journal = "Science of Computer Programming",
volume = "46",
number = "3",
pages = "255 - 281",
year = "2003",
note = "",
issn = "0167-6423",
doi = "10.1016/S0167-6423(02)00094-1",
author = "Mateescu, R. and Sighireanu, M.",
keywords = "Boolean equation system",
keywords = "Diagnostic",
keywords = "Labeled transition system",
keywords = "Model-checking",
keywords = "Mu-calculus",
keywords = "Specification",
keywords = "Temporal logic",
keywords = "Verification"
}

@incollection{NOSY:93,
	series = {Lecture {Notes} in {Computer} {Science}},
	title = {An approach to the description and analysis of hybrid systems},
	volume = {736},
	booktitle = {Hybrid {Systems}},
	publisher = {Springer},
	author = {Nicollin, X. and Olivero, A. and Sifakis, J. and Yovine, S.},
	editor = {Grossman, R. L. and Nerode, A. and Ravn, A. P. and R., H.},
	year = {1993},
	doi = {10.1007/3-540-57318-6_28},
	pages = {149--178},
}


@inproceedings{SSKE:01,
	title = {An assessment of the current status of algorithmic approaches to the verification of hybrid systems},
	volume = {3},
	doi = {10.1109/.2001.980711},
	booktitle = {Proceedings of the 40th {IEEE} {Conference} on {Decision} and {Control}, 2001},
	author = {Silva, B. I. and Stursberg, O. and Krogh, B. H. and Engell, S.},
	year = {2001},
	pages = {2867--2874},
}	

@article{SW:91,
	title = {Local model checking in the modal mu-calculus},
	volume = {89},
	issn = {0304-3975},
	doi = {10.1016/0304-3975(90)90110-4},
	number = {1},
	journal = {Theoretical Computer Science},
	author = {Stirling, C. and Walker, D.},
	year = {1991},
	pages = {161--177},
}

@article{Yov:97,
  title = {KRONOS: a verification tool for real-time systems},
  volume = {1},
  issn = {1433-2779},
  shorttitle = {KRONOS},
  doi = {10.1007/s100090050009},
  number = {1-2},
  urldate = {2014-10-16},
  journal = {International Journal on Software Tools for Technology Transfer},
  author = {Yovine, S.},
  month = dec,
  year = {1997},
  pages = {123--133}
}

@inproceedings{ZC:05rtss,
	title = {Fast on-the-fly parametric real-time model checking},
	doi = {10.1109/RTSS.2005.22},
	booktitle = {Real-{Time} {Systems} {Symposium}, 2005. {RTSS} 2005. 26th {IEEE} {International}},
	author = {Zhang, D. and Cleaveland, R.},
	month = dec,
	year = {2005},
	pages = {157--166},
}

@incollection{ZC:05forte,
	series = {Lecture {Notes} in {Computer} {Science}},
	title = {Fast {Generic} {Model}-{Checking} for {Data}-{Based} {Systems}},
	doi = {10.1007/11562436_8},
	language = {en},
	number = {3731},
	booktitle = {Formal {Techniques} for {Networked} and {Distributed} {Systems} - {FORTE} 2005},
	publisher = {Springer},
	author = {Zhang, D. and Cleaveland, R.},
	editor = {Wang, F.},
	year = {2005},
	pages = {83--97},
}

@phdthesis{Zhang:05,
	address = {Stony Brook},
	title = {Model {Checking} for {Data}-{Based} {Concurrent} {Systems}},
	school = {State University of New York},
	author = {Zhang, Dezhuang},
	month = aug,
	year = {2005}
}